Datum,Tijd,Valutadatum,Product,Ticker,ISIN,Omschrijving,FX,Mutatie,MutatieAmount,Saldo,SaldoAmount,Order Id
07-11-2025,13:52,07-11-2025,,,,flatex Deposit,,EUR,"700,00",EUR,"1055,91",
05-11-2025,17:50,05-11-2025,,,,"Overboeking van uw geldrekening bij flatexDEGIRO Bank AG: 279,39 EUR",,,,EUR,"355,91",
05-11-2025,17:50,05-11-2025,,,,Degiro Cash Sweep Transfer,,EUR,"279,39",EUR,"635,30",
05-11-2025,17:01,05-11-2025,,,,"Overboeking van uw geldrekening bij flatexDEGIRO Bank AG: 33,02 EUR",,,,EUR,"355,91",
05-11-2025,17:01,05-11-2025,,,,Degiro Cash Sweep Transfer,,EUR,"33,02",EUR,"388,93",
05-11-2025,16:01,05-11-2025,HARROW HEALTH INC,HROW,US4158581094,Valuta Creditering,"1,1443",USD,"318,60",USD,"0,00",89166caa-3bf1-4696-ac03-d3209a80eb79
05-11-2025,16:01,05-11-2025,HARROW HEALTH INC,HROW,US4158581094,Valuta Debitering,,EUR,"-278,42",EUR,"355,91",89166caa-3bf1-4696-ac03-d3209a80eb79
05-11-2025,16:01,05-11-2025,HARROW HEALTH INC,HROW,US4158581094,Transactiebelasting België,,EUR,"-0,97",EUR,"634,33",89166caa-3bf1-4696-ac03-d3209a80eb79
05-11-2025,16:01,05-11-2025,HARROW HEALTH INC,HROW,US4158581094,"Koop 9 @ 35,4 USD",,USD,"-318,60",USD,"-318,60",89166caa-3bf1-4696-ac03-d3209a80eb79
05-11-2025,15:30,05-11-2025,HARROW HEALTH INC,HROW,US4158581094,Valuta Creditering,"1,1454",USD,"35,40",USD,"0,00",89166caa-3bf1-4696-ac03-d3209a80eb79
05-11-2025,15:30,05-11-2025,HARROW HEALTH INC,HROW,US4158581094,Valuta Debitering,,EUR,"-30,91",EUR,"635,30",89166caa-3bf1-4696-ac03-d3209a80eb79
05-11-2025,15:30,05-11-2025,HARROW HEALTH INC,HROW,US4158581094,Transactiebelasting België,,EUR,"-0,11",EUR,"666,21",89166caa-3bf1-4696-ac03-d3209a80eb79
05-11-2025,15:30,05-11-2025,HARROW HEALTH INC,HROW,US4158581094,DEGIRO Transactiekosten en/of kosten van derden,,EUR,"-2,00",EUR,"666,32",89166caa-3bf1-4696-ac03-d3209a80eb79
05-11-2025,15:30,05-11-2025,HARROW HEALTH INC,HROW,US4158581094,"Koop 1 @ 35,4 USD",,USD,"-35,40",USD,"-35,40",89166caa-3bf1-4696-ac03-d3209a80eb79
03-11-2025,19:30,03-11-2025,,,,"Overboeking van uw geldrekening bij flatexDEGIRO Bank AG: 372,37 EUR",,,,EUR,"668,32",
03-11-2025,19:30,03-11-2025,,,,Degiro Cash Sweep Transfer,,EUR,"372,37",EUR,"1040,69",
03-11-2025,17:08,03-11-2025,PAGAYA TECHNOLOGIES LTD,PGY,IL0011858912,Valuta Creditering,"1,1497",USD,"525,60",USD,"0,00",8c71d788-7155-459b-b236-e78302227cc4
03-11-2025,17:08,03-11-2025,PAGAYA TECHNOLOGIES LTD,PGY,IL0011858912,Valuta Debitering,,EUR,"-457,16",EUR,"668,32",8c71d788-7155-459b-b236-e78302227cc4
03-11-2025,17:08,03-11-2025,PAGAYA TECHNOLOGIES LTD,PGY,IL0011858912,Transactiebelasting België,,EUR,"-1,60",EUR,"1125,48",8c71d788-7155-459b-b236-e78302227cc4
03-11-2025,17:08,03-11-2025,PAGAYA TECHNOLOGIES LTD,PGY,IL0011858912,DEGIRO Transactiekosten en/of kosten van derden,,EUR,"-2,00",EUR,"1127,08",8c71d788-7155-459b-b236-e78302227cc4
03-11-2025,17:08,03-11-2025,PAGAYA TECHNOLOGIES LTD,PGY,IL0011858912,"Koop 20 @ 26,28 USD",,USD,"-525,60",USD,"-525,60",8c71d788-7155-459b-b236-e78302227cc4
03-11-2025,17:03,03-11-2025,Q32 BIO INC,QTTB,US7469641051,Valuta Debitering,"1,1554",USD,"-104,80",USD,"0,00",77dab147-d0ab-41c8-9fc5-c90a348e5ff5
03-11-2025,17:03,03-11-2025,Q32 BIO INC,QTTB,US7469641051,Valuta Creditering,,EUR,"90,71",EUR,"1129,08",77dab147-d0ab-41c8-9fc5-c90a348e5ff5
03-11-2025,17:03,03-11-2025,Q32 BIO INC,QTTB,US7469641051,Transactiebelasting België,,EUR,"-0,32",EUR,"1038,37",77dab147-d0ab-41c8-9fc5-c90a348e5ff5
03-11-2025,17:03,03-11-2025,Q32 BIO INC,QTTB,US7469641051,DEGIRO Transactiekosten en/of kosten van derden,,EUR,"-2,00",EUR,"1038,69",77dab147-d0ab-41c8-9fc5-c90a348e5ff5
03-11-2025,17:03,03-11-2025,Q32 BIO INC,QTTB,US7469641051,"Verkoop 40 @ 2,62 USD",,USD,"104,80",USD,"104,80",77dab147-d0ab-41c8-9fc5-c90a348e5ff5
29-10-2025,19:30,29-10-2025,,,,"Overboeking van uw geldrekening bij flatexDEGIRO Bank AG: 311,97 EUR",,,,EUR,"1040,69",
29-10-2025,19:30,29-10-2025,,,,Degiro Cash Sweep Transfer,,EUR,"311,97",EUR,"1352,66",
29-10-2025,18:00,29-10-2025,ZETA GLOBAL HOLDINGS CORP,ZETA,US98956A1051,Transactiebelasting België,,EUR,"-1,07",EUR,"1040,69",3c4d3f06-22ce-4991-992a-f16eac374e2f
29-10-2025,18:00,29-10-2025,ZETA GLOBAL HOLDINGS CORP,ZETA,US98956A1051,DEGIRO Transactiekosten en/of kosten van derden,,EUR,"-3,90",EUR,"1041,76",3c4d3f06-22ce-4991-992a-f16eac374e2f
29-10-2025,18:00,29-10-2025,ZETA GLOBAL HOLDINGS CORP,ZETA,US98956A1051,"Koop 20 @ 15,35 EUR",,EUR,"-307,00",EUR,"1045,66",3c4d3f06-22ce-4991-992a-f16eac374e2f
23-10-2025,10:31,23-10-2025,,,,"Overboeking van uw geldrekening bij flatexDEGIRO Bank AG: 479,56 EUR",,,,EUR,"1352,66",
23-10-2025,10:31,23-10-2025,,,,Degiro Cash Sweep Transfer,,EUR,"479,56",EUR,"1832,22",
23-10-2025,09:44,23-10-2025,ZETA GLOBAL HOLDINGS CORP,ZETA,US98956A1051,Transactiebelasting België,,EUR,"-1,66",EUR,"1352,66",3ae94e8c-902a-4bd5-bf68-7eec46454a8d
23-10-2025,09:44,23-10-2025,ZETA GLOBAL HOLDINGS CORP,ZETA,US98956A1051,DEGIRO Transactiekosten en/of kosten van derden,,EUR,"-3,90",EUR,"1354,32",3ae94e8c-902a-4bd5-bf68-7eec46454a8d
23-10-2025,09:44,23-10-2025,ZETA GLOBAL HOLDINGS CORP,ZETA,US98956A1051,"Koop 30 @ 15,8 EUR",,EUR,"-474,00",EUR,"1358,22",3ae94e8c-902a-4bd5-bf68-7eec46454a8d
22-10-2025,19:11,22-10-2025,,,,"Overboeking van uw geldrekening bij flatexDEGIRO Bank AG: 164,96 EUR",,,,EUR,"1832,22",
22-10-2025,19:11,22-10-2025,,,,Degiro Cash Sweep Transfer,,EUR,"164,96",EUR,"1997,18",
22-10-2025,16:46,22-10-2025,ZETA GLOBAL HOLDINGS CORP,ZETA,US98956A1051,Transactiebelasting België,,EUR,"-0,56",EUR,"1832,22",0e6b80f3-db75-4c4a-abc4-ea6abfa9afdd
22-10-2025,16:46,22-10-2025,ZETA GLOBAL HOLDINGS CORP,ZETA,US98956A1051,DEGIRO Transactiekosten en/of kosten van derden,,EUR,"-3,90",EUR,"1832,78",0e6b80f3-db75-4c4a-abc4-ea6abfa9afdd
22-10-2025,16:46,22-10-2025,ZETA GLOBAL HOLDINGS CORP,ZETA,US98956A1051,"Koop 10 @ 16,05 EUR",,EUR,"-160,50",EUR,"1836,68",0e6b80f3-db75-4c4a-abc4-ea6abfa9afdd
22-10-2025,15:42,22-10-2025,,,,flatex Deposit,,EUR,"500,00",EUR,"1997,18",
21-10-2025,18:31,21-10-2025,,,,"Overboeking van uw geldrekening bij flatexDEGIRO Bank AG: 358,34 EUR",,,,EUR,"1497,18",
21-10-2025,18:31,21-10-2025,,,,Degiro Cash Sweep Transfer,,EUR,"358,34",EUR,"1855,52",
21-10-2025,16:59,21-10-2025,ZETA GLOBAL HOLDINGS CORP,ZETA,US98956A1051,Transactiebelasting België,,EUR,"-0,59",EUR,"1497,18",542d368d-5a77-4728-a7bf-d32e9c235fdf
21-10-2025,16:59,21-10-2025,ZETA GLOBAL HOLDINGS CORP,ZETA,US98956A1051,DEGIRO Transactiekosten en/of kosten van derden,,EUR,"-3,90",EUR,"1497,77",542d368d-5a77-4728-a7bf-d32e9c235fdf
21-10-2025,16:59,21-10-2025,ZETA GLOBAL HOLDINGS CORP,ZETA,US98956A1051,"Koop 10 @ 16,85 EUR",,EUR,"-168,50",EUR,"1501,67",542d368d-5a77-4728-a7bf-d32e9c235fdf
21-10-2025,16:58,21-10-2025,NEBIUS GROUP NV,NBIS,NL0009805522,Valuta Creditering,"1,1576",USD,"211,51",USD,"0,00",3079fc09-60a6-409d-863c-97366d1e69c8
21-10-2025,16:58,21-10-2025,NEBIUS GROUP NV,NBIS,NL0009805522,Valuta Debitering,,EUR,"-182,71",EUR,"1670,17",3079fc09-60a6-409d-863c-97366d1e69c8
21-10-2025,16:58,21-10-2025,NEBIUS GROUP NV,NBIS,NL0009805522,Transactiebelasting België,,EUR,"-0,64",EUR,"1852,88",3079fc09-60a6-409d-863c-97366d1e69c8
21-10-2025,16:58,21-10-2025,NEBIUS GROUP NV,NBIS,NL0009805522,DEGIRO Transactiekosten en/of kosten van derden,,EUR,"-2,00",EUR,"1853,52",3079fc09-60a6-409d-863c-97366d1e69c8
21-10-2025,16:58,21-10-2025,NEBIUS GROUP NV,NBIS,NL0009805522,"Koop 2 @ 105,755 USD",,USD,"-211,51",USD,"-211,51",3079fc09-60a6-409d-863c-97366d1e69c8
21-10-2025,14:00,21-10-2025,,,,Overboeking naar uw geldrekening bij flatexDEGIRO Bank AG: 821 EUR,,,,EUR,"1855,52",
21-10-2025,14:00,21-10-2025,,,,Degiro Cash Sweep Transfer,,EUR,"-821,00",EUR,"1034,52",
21-10-2025,12:27,21-10-2025,ADVANCED MICRO DEVICES INC,AMD,US0079031078,Transactiebelasting België,,EUR,"-2,90",EUR,"1855,52",04456fdf-a0d5-490c-8d5c-a2989e627912
21-10-2025,12:27,21-10-2025,ADVANCED MICRO DEVICES INC,AMD,US0079031078,DEGIRO Transactiekosten en/of kosten van derden,,EUR,"-3,90",EUR,"1858,42",04456fdf-a0d5-490c-8d5c-a2989e627912
21-10-2025,12:27,21-10-2025,ADVANCED MICRO DEVICES INC,AMD,US0079031078,"Verkoop 4 @ 206,95 EUR",,EUR,"827,80",EUR,"1862,32",04456fdf-a0d5-490c-8d5c-a2989e627912
17-10-2025,18:50,17-10-2025,,,,"Overboeking van uw geldrekening bij flatexDEGIRO Bank AG: 242,31 EUR",,,,EUR,"1034,52",
17-10-2025,18:50,17-10-2025,,,,Degiro Cash Sweep Transfer,,EUR,"242,31",EUR,"1276,83",
17-10-2025,15:45,17-10-2025,PAGAYA TECHNOLOGIES LTD,PGY,IL0011858912,Valuta Creditering,"1,1649",USD,"278,95",USD,"0,00",2011abea-40ed-4242-843c-0c744b61c29e
17-10-2025,15:45,17-10-2025,PAGAYA TECHNOLOGIES LTD,PGY,IL0011858912,Valuta Debitering,,EUR,"-239,47",EUR,"1034,52",2011abea-40ed-4242-843c-0c744b61c29e
17-10-2025,15:45,17-10-2025,PAGAYA TECHNOLOGIES LTD,PGY,IL0011858912,Transactiebelasting België,,EUR,"-0,84",EUR,"1273,99",2011abea-40ed-4242-843c-0c744b61c29e
17-10-2025,15:45,17-10-2025,PAGAYA TECHNOLOGIES LTD,PGY,IL0011858912,DEGIRO Transactiekosten en/of kosten van derden,,EUR,"-2,00",EUR,"1274,83",2011abea-40ed-4242-843c-0c744b61c29e
17-10-2025,15:45,17-10-2025,PAGAYA TECHNOLOGIES LTD,PGY,IL0011858912,"Koop 10 @ 27,895 USD",,USD,"-278,95",USD,"-278,95",2011abea-40ed-4242-843c-0c744b61c29e
16-10-2025,03:31,16-10-2025,,,,"Overboeking van uw geldrekening bij flatexDEGIRO Bank AG: 819,71 EUR",,,,EUR,"1276,83",
16-10-2025,03:31,16-10-2025,,,,Degiro Cash Sweep Transfer,,EUR,"819,71",EUR,"2096,54",
16-10-2025,00:50,15-10-2025,,,,"Overboeking naar uw geldrekening bij flatexDEGIRO Bank AG: 819,71 EUR",,,,EUR,"1276,83",
16-10-2025,00:50,15-10-2025,,,,Degiro Cash Sweep Transfer,,EUR,"-819,71",EUR,"457,12",
16-10-2025,00:20,15-10-2025,,,,"Overboeking naar uw geldrekening bij flatexDEGIRO Bank AG: 819,71 EUR",,,,EUR,"1276,83",
16-10-2025,00:20,15-10-2025,,,,Degiro Cash Sweep Transfer,,EUR,"-819,71",EUR,"457,12",
15-10-2025,21:10,15-10-2025,HIMS & HERS HEALTH INC,82W.BE,US4330001060,Transactiebelasting België,,EUR,"-2,89",EUR,"1276,83",13602188-e1d9-4992-8fb6-8fbbcdbfd2a1
15-10-2025,21:10,15-10-2025,HIMS & HERS HEALTH INC,82W.BE,US4330001060,DEGIRO Transactiekosten en/of kosten van derden,,EUR,"-3,90",EUR,"1279,72",13602188-e1d9-4992-8fb6-8fbbcdbfd2a1
15-10-2025,21:10,15-10-2025,HIMS & HERS HEALTH INC,82W.BE,US4330001060,"Verkoop 15 @ 55,1 EUR",,EUR,"826,50",EUR,"1283,62",13602188-e1d9-4992-8fb6-8fbbcdbfd2a1
15-10-2025,18:50,15-10-2025,,,,"Overboeking van uw geldrekening bij flatexDEGIRO Bank AG: 137,74 EUR",,,,EUR,"457,12",
15-10-2025,18:50,15-10-2025,,,,Degiro Cash Sweep Transfer,,EUR,"137,74",EUR,"594,86",
15-10-2025,15:30,15-10-2025,Q32 BIO INC,QTTB,US7469641051,Valuta Creditering,"1,1592",USD,"156,80",USD,"0,00",54aadb4a-67df-46c7-bf25-9948608a2ee4
15-10-2025,15:30,15-10-2025,Q32 BIO INC,QTTB,US7469641051,Valuta Debitering,,EUR,"-135,27",EUR,"457,12",54aadb4a-67df-46c7-bf25-9948608a2ee4
15-10-2025,15:30,15-10-2025,Q32 BIO INC,QTTB,US7469641051,Transactiebelasting België,,EUR,"-0,47",EUR,"592,39",54aadb4a-67df-46c7-bf25-9948608a2ee4
15-10-2025,15:30,15-10-2025,Q32 BIO INC,QTTB,US7469641051,DEGIRO Transactiekosten en/of kosten van derden,,EUR,"-2,00",EUR,"592,86",54aadb4a-67df-46c7-bf25-9948608a2ee4
15-10-2025,15:30,15-10-2025,Q32 BIO INC,QTTB,US7469641051,"Koop 40 @ 3,92 USD",,USD,"-156,80",USD,"-156,80",54aadb4a-67df-46c7-bf25-9948608a2ee4
13-10-2025,17:31,13-10-2025,,,,Degiro Cash Sweep Transfer,,EUR,"332,38",EUR,"594,86",
13-10-2025,17:31,13-10-2025,,,,"Overboeking van uw geldrekening bij flatexDEGIRO Bank AG: 332,38 EUR",,,,EUR,"262,48",
13-10-2025,15:30,13-10-2025,HARROW HEALTH INC,HROW,US4158581094,Valuta Creditering,"1,1542",USD,"380,00",USD,"0,00",cb5db652-7272-46e1-82b6-19cfb0e1ef9e
13-10-2025,15:30,13-10-2025,HARROW HEALTH INC,HROW,US4158581094,Valuta Debitering,,EUR,"-329,23",EUR,"594,86",cb5db652-7272-46e1-82b6-19cfb0e1ef9e
13-10-2025,15:30,13-10-2025,HARROW HEALTH INC,HROW,US4158581094,Transactiebelasting België,,EUR,"-1,15",EUR,"924,09",cb5db652-7272-46e1-82b6-19cfb0e1ef9e
13-10-2025,15:30,13-10-2025,HARROW HEALTH INC,HROW,US4158581094,DEGIRO Transactiekosten en/of kosten van derden,,EUR,"-2,00",EUR,"925,24",cb5db652-7272-46e1-82b6-19cfb0e1ef9e
13-10-2025,15:30,13-10-2025,HARROW HEALTH INC,HROW,US4158581094,Koop 10 @ 38 USD,,USD,"-380,00",USD,"-380,00",cb5db652-7272-46e1-82b6-19cfb0e1ef9e
09-10-2025,17:51,09-10-2025,,,,Degiro Cash Sweep Transfer,,EUR,"877,09",EUR,"927,24",
09-10-2025,17:51,09-10-2025,,,,"Overboeking van uw geldrekening bij flatexDEGIRO Bank AG: 877,09 EUR",,,,EUR,"50,15",
09-10-2025,15:41,09-10-2025,ZETA GLOBAL HOLDINGS CORP,ZETA,US98956A1051,Transactiebelasting België,,EUR,"-0,61",EUR,"927,24",99063fb2-532f-4f9c-91ca-11dece538a9a
09-10-2025,15:41,09-10-2025,ZETA GLOBAL HOLDINGS CORP,ZETA,US98956A1051,DEGIRO Transactiekosten en/of kosten van derden,,EUR,"-3,90",EUR,"927,85",99063fb2-532f-4f9c-91ca-11dece538a9a
09-10-2025,15:41,09-10-2025,ZETA GLOBAL HOLDINGS CORP,ZETA,US98956A1051,"Koop 10 @ 17,55 EUR",,EUR,"-175,50",EUR,"931,75",99063fb2-532f-4f9c-91ca-11dece538a9a
09-10-2025,15:30,09-10-2025,ROOT INC,ROOT,US77664L2079,Valuta Creditering,"1,1585",USD,"494,04",USD,"0,00",a2392d73-8f42-4466-9f43-dbe0abc1932e
09-10-2025,15:30,09-10-2025,ROOT INC,ROOT,US77664L2079,Valuta Debitering,,EUR,"-426,45",EUR,"1107,25",a2392d73-8f42-4466-9f43-dbe0abc1932e
09-10-2025,15:30,09-10-2025,ROOT INC,ROOT,US77664L2079,Transactiebelasting België,,EUR,"-1,49",EUR,"1533,70",a2392d73-8f42-4466-9f43-dbe0abc1932e
09-10-2025,15:30,09-10-2025,ROOT INC,ROOT,US77664L2079,DEGIRO Transactiekosten en/of kosten van derden,,EUR,"-2,00",EUR,"1535,19",a2392d73-8f42-4466-9f43-dbe0abc1932e
09-10-2025,15:30,09-10-2025,ROOT INC,ROOT,US77664L2079,"Koop 6 @ 82,34 USD",,USD,"-494,04",USD,"-494,04",a2392d73-8f42-4466-9f43-dbe0abc1932e
09-10-2025,15:30,09-10-2025,PAGAYA TECHNOLOGIES LTD,PGY,IL0011858912,Valuta Creditering,"1,1585",USD,"306,10",USD,"0,00",0bab1c19-8d23-4686-9a27-4c157fd790e9
09-10-2025,15:30,09-10-2025,PAGAYA TECHNOLOGIES LTD,PGY,IL0011858912,Valuta Debitering,,EUR,"-264,22",EUR,"1537,19",0bab1c19-8d23-4686-9a27-4c157fd790e9
09-10-2025,15:30,09-10-2025,PAGAYA TECHNOLOGIES LTD,PGY,IL0011858912,Transactiebelasting België,,EUR,"-0,92",EUR,"1801,41",0bab1c19-8d23-4686-9a27-4c157fd790e9
09-10-2025,15:30,09-10-2025,PAGAYA TECHNOLOGIES LTD,PGY,IL0011858912,DEGIRO Transactiekosten en/of kosten van derden,,EUR,"-2,00",EUR,"1802,33",0bab1c19-8d23-4686-9a27-4c157fd790e9
09-10-2025,15:30,09-10-2025,PAGAYA TECHNOLOGIES LTD,PGY,IL0011858912,"Koop 10 @ 30,61 USD",,USD,"-306,10",USD,"-306,10",0bab1c19-8d23-4686-9a27-4c157fd790e9
08-10-2025,23:30,08-10-2025,,,,Degiro Cash Sweep Transfer,,EUR,"-399,58",EUR,"1804,33",
08-10-2025,23:30,08-10-2025,,,,"Overboeking naar uw geldrekening bij flatexDEGIRO Bank AG: 399,58 EUR",,,,EUR,"2203,91",
08-10-2025,21:58,08-10-2025,ADVANCED MICRO DEVICES INC,AMD,US0079031078,Transactiebelasting België,,EUR,"-1,42",EUR,"1804,33",a9cec9cc-6858-4765-9cbb-88ca935ff5a0
08-10-2025,21:58,08-10-2025,ADVANCED MICRO DEVICES INC,AMD,US0079031078,DEGIRO Transactiekosten en/of kosten van derden,,EUR,"-3,90",EUR,"1805,75",a9cec9cc-6858-4765-9cbb-88ca935ff5a0
08-10-2025,21:58,08-10-2025,ADVANCED MICRO DEVICES INC,AMD,US0079031078,"Verkoop 2 @ 202,45 EUR",,EUR,"404,90",EUR,"1809,65",a9cec9cc-6858-4765-9cbb-88ca935ff5a0
08-10-2025,18:40,08-10-2025,,,,Degiro Cash Sweep Transfer,,EUR,"-481,38",EUR,"1404,75",
08-10-2025,18:40,08-10-2025,,,,"Overboeking naar uw geldrekening bij flatexDEGIRO Bank AG: 481,38 EUR",,,,EUR,"1886,13",
08-10-2025,17:35,08-10-2025,HARROW HEALTH INC,HROW,US4158581094,Valuta Creditering,"1,1584",USD,"203,75",USD,"0,00",72021755-a440-42b8-a2e8-3e4ee9f7e42b
08-10-2025,17:35,08-10-2025,HARROW HEALTH INC,HROW,US4158581094,Valuta Debitering,,EUR,"-175,89",EUR,"1404,75",72021755-a440-42b8-a2e8-3e4ee9f7e42b
08-10-2025,17:35,08-10-2025,HARROW HEALTH INC,HROW,US4158581094,Transactiebelasting België,,EUR,"-0,62",EUR,"1580,64",72021755-a440-42b8-a2e8-3e4ee9f7e42b
08-10-2025,17:35,08-10-2025,HARROW HEALTH INC,HROW,US4158581094,DEGIRO Transactiekosten en/of kosten van derden,,EUR,"-2,00",EUR,"1581,26",72021755-a440-42b8-a2e8-3e4ee9f7e42b
08-10-2025,17:35,08-10-2025,HARROW HEALTH INC,HROW,US4158581094,"Koop 5 @ 40,75 USD",,USD,"-203,75",USD,"-203,75",72021755-a440-42b8-a2e8-3e4ee9f7e42b
08-10-2025,17:19,08-10-2025,CARDLYTICS INC,CDLX,US14161W1053,Valuta Creditering,"1,1585",USD,"116,00",USD,"0,00",2b238828-8a77-4973-aea2-2f94484f9c3e
08-10-2025,17:19,08-10-2025,CARDLYTICS INC,CDLX,US14161W1053,Valuta Debitering,,EUR,"-100,13",EUR,"1583,26",2b238828-8a77-4973-aea2-2f94484f9c3e
08-10-2025,17:19,08-10-2025,CARDLYTICS INC,CDLX,US14161W1053,Transactiebelasting België,,EUR,"-0,35",EUR,"1683,39",2b238828-8a77-4973-aea2-2f94484f9c3e
08-10-2025,17:19,08-10-2025,CARDLYTICS INC,CDLX,US14161W1053,DEGIRO Transactiekosten en/of kosten van derden,,EUR,"-2,00",EUR,"1683,74",2b238828-8a77-4973-aea2-2f94484f9c3e
08-10-2025,17:19,08-10-2025,CARDLYTICS INC,CDLX,US14161W1053,"Koop 50 @ 2,32 USD",,USD,"-116,00",USD,"-116,00",2b238828-8a77-4973-aea2-2f94484f9c3e
08-10-2025,17:18,08-10-2025,ADVANCED MICRO DEVICES INC,AMD,US0079031078,Transactiebelasting België,,EUR,"-2,69",EUR,"1685,74",ffcc956e-0502-425c-923d-95f99cba80b6
08-10-2025,17:18,08-10-2025,ADVANCED MICRO DEVICES INC,AMD,US0079031078,DEGIRO Transactiekosten en/of kosten van derden,,EUR,"-3,90",EUR,"1688,43",ffcc956e-0502-425c-923d-95f99cba80b6
08-10-2025,17:18,08-10-2025,ADVANCED MICRO DEVICES INC,AMD,US0079031078,"Verkoop 4 @ 192,24 EUR",,EUR,"768,96",EUR,"1692,33",ffcc956e-0502-425c-923d-95f99cba80b6
07-10-2025,19:11,07-10-2025,,,,Degiro Cash Sweep Transfer,,EUR,"-137,42",EUR,"923,37",
07-10-2025,19:11,07-10-2025,,,,"Overboeking naar uw geldrekening bij flatexDEGIRO Bank AG: 137,42 EUR",,,,EUR,"1060,79",
07-10-2025,16:21,07-10-2025,HARROW HEALTH INC,HROW,US4158581094,Valuta Creditering,"1,1633",USD,"167,80",USD,"0,00",519760ab-95af-4302-9d76-c74c18fc7150
07-10-2025,16:21,07-10-2025,HARROW HEALTH INC,HROW,US4158581094,Valuta Debitering,,EUR,"-144,25",EUR,"923,37",519760ab-95af-4302-9d76-c74c18fc7150
07-10-2025,16:21,07-10-2025,HARROW HEALTH INC,HROW,US4158581094,Transactiebelasting België,,EUR,"-0,50",EUR,"1067,62",519760ab-95af-4302-9d76-c74c18fc7150
07-10-2025,16:21,07-10-2025,HARROW HEALTH INC,HROW,US4158581094,DEGIRO Transactiekosten en/of kosten van derden,,EUR,"-2,00",EUR,"1068,12",519760ab-95af-4302-9d76-c74c18fc7150
07-10-2025,16:21,07-10-2025,HARROW HEALTH INC,HROW,US4158581094,"Koop 4 @ 41,95 USD",,USD,"-167,80",USD,"-167,80",519760ab-95af-4302-9d76-c74c18fc7150
07-10-2025,16:08,07-10-2025,ADVANCED MICRO DEVICES INC,AMD,US0079031078,Transactiebelasting België,,EUR,"-2,57",EUR,"1070,12",b8ee0346-35e4-41b3-95bc-8d630c1a226d
07-10-2025,16:08,07-10-2025,ADVANCED MICRO DEVICES INC,AMD,US0079031078,DEGIRO Transactiekosten en/of kosten van derden,,EUR,"-3,90",EUR,"1072,69",b8ee0346-35e4-41b3-95bc-8d630c1a226d
07-10-2025,16:08,07-10-2025,ADVANCED MICRO DEVICES INC,AMD,US0079031078,"Verkoop 4 @ 183,76 EUR",,EUR,"735,04",EUR,"1076,59",b8ee0346-35e4-41b3-95bc-8d630c1a226d
07-10-2025,16:07,07-10-2025,ADVANCED MICRO DEVICES INC,AMD,US0079031078,Transactiebelasting België,,EUR,"-2,57",EUR,"341,55",feab680b-71a7-4c15-b493-b1ac84dced0c
07-10-2025,16:07,07-10-2025,ADVANCED MICRO DEVICES INC,AMD,US0079031078,DEGIRO Transactiekosten en/of kosten van derden,,EUR,"-3,90",EUR,"344,12",feab680b-71a7-4c15-b493-b1ac84dced0c
07-10-2025,16:07,07-10-2025,ADVANCED MICRO DEVICES INC,AMD,US0079031078,"Koop 4 @ 183,74 EUR",,EUR,"-734,96",EUR,"348,02",feab680b-71a7-4c15-b493-b1ac84dced0c
07-10-2025,16:06,07-10-2025,AST SPACEMOBILE INC,ASTS,US00217D1000,Valuta Debitering,"1,1687",USD,"-350,73",USD,"0,00",b9a76fd0-8b2e-4eaf-9c17-2f99a7b3eab8
07-10-2025,16:06,07-10-2025,AST SPACEMOBILE INC,ASTS,US00217D1000,Valuta Creditering,,EUR,"300,09",EUR,"1082,98",b9a76fd0-8b2e-4eaf-9c17-2f99a7b3eab8
07-10-2025,16:06,07-10-2025,AST SPACEMOBILE INC,ASTS,US00217D1000,Transactiebelasting België,,EUR,"-1,06",EUR,"782,89",b9a76fd0-8b2e-4eaf-9c17-2f99a7b3eab8
07-10-2025,16:06,07-10-2025,AST SPACEMOBILE INC,ASTS,US00217D1000,DEGIRO Transactiekosten en/of kosten van derden,,EUR,"-2,00",EUR,"783,95",b9a76fd0-8b2e-4eaf-9c17-2f99a7b3eab8
07-10-2025,16:06,07-10-2025,AST SPACEMOBILE INC,ASTS,US00217D1000,"Verkoop 5 @ 70,145 USD",,USD,"350,72",USD,"350,73",b9a76fd0-8b2e-4eaf-9c17-2f99a7b3eab8
05-10-2025,00:43,30-09-2025,,,,Flatex Interest Income,,EUR,"0,00",EUR,"785,95",
01-10-2025,17:40,01-10-2025,,,,Degiro Cash Sweep Transfer,,EUR,"543,50",EUR,"785,95",
01-10-2025,17:40,01-10-2025,,,,"Overboeking van uw geldrekening bij flatexDEGIRO Bank AG: 543,5 EUR",,,,EUR,"242,45",
01-10-2025,15:46,01-10-2025,PAGAYA TECHNOLOGIES LTD,PGY,IL0011858912,Valuta Creditering,"1,1731",USD,"633,00",USD,"0,00",e5643487-fb85-4691-9d4f-31f377aee4da
01-10-2025,15:46,01-10-2025,PAGAYA TECHNOLOGIES LTD,PGY,IL0011858912,Valuta Debitering,,EUR,"-539,61",EUR,"785,95",e5643487-fb85-4691-9d4f-31f377aee4da
01-10-2025,15:46,01-10-2025,PAGAYA TECHNOLOGIES LTD,PGY,IL0011858912,Transactiebelasting België,,EUR,"-1,89",EUR,"1325,56",e5643487-fb85-4691-9d4f-31f377aee4da
01-10-2025,15:46,01-10-2025,PAGAYA TECHNOLOGIES LTD,PGY,IL0011858912,DEGIRO Transactiekosten en/of kosten van derden,,EUR,"-2,00",EUR,"1327,45",e5643487-fb85-4691-9d4f-31f377aee4da
01-10-2025,15:46,01-10-2025,PAGAYA TECHNOLOGIES LTD,PGY,IL0011858912,"Koop 20 @ 31,65 USD",,USD,"-633,00",USD,"-633,00",e5643487-fb85-4691-9d4f-31f377aee4da
01-10-2025,14:31,01-10-2025,,,,Degiro Cash Sweep Transfer,,EUR,"-1191,90",EUR,"1329,45",
01-10-2025,14:31,01-10-2025,,,,"Overboeking naar uw geldrekening bij flatexDEGIRO Bank AG: 1.191,9 EUR",,,,EUR,"2521,35",
01-10-2025,13:50,01-10-2025,HIMS & HERS HEALTH INC,82W.BE,US4330001060,Transactiebelasting België,,EUR,"-4,20",EUR,"1329,45",ff0a5d89-739d-4966-a039-872db7c45766
01-10-2025,13:50,01-10-2025,HIMS & HERS HEALTH INC,82W.BE,US4330001060,DEGIRO Transactiekosten en/of kosten van derden,,EUR,"-3,90",EUR,"1333,65",ff0a5d89-739d-4966-a039-872db7c45766
01-10-2025,13:50,01-10-2025,HIMS & HERS HEALTH INC,82W.BE,US4330001060,Verkoop 25 @ 48 EUR,,EUR,"1200,00",EUR,"1337,55",ff0a5d89-739d-4966-a039-872db7c45766
29-09-2025,18:30,29-09-2025,,,,Degiro Cash Sweep Transfer,,EUR,"728,80",EUR,"137,55",
29-09-2025,18:30,29-09-2025,,,,"Overboeking van uw geldrekening bij flatexDEGIRO Bank AG: 728,8 EUR",,,,EUR,"-591,25",
29-09-2025,17:36,29-09-2025,NEBIUS GROUP NV,NBIS,NL0009805522,Valuta Creditering,"1,1701",USD,"438,40",USD,"0,00",702c2ad3-5e85-46b9-806b-d285a294260a
29-09-2025,17:36,29-09-2025,NEBIUS GROUP NV,NBIS,NL0009805522,Valuta Debitering,,EUR,"-374,68",EUR,"137,55",702c2ad3-5e85-46b9-806b-d285a294260a
29-09-2025,17:36,29-09-2025,NEBIUS GROUP NV,NBIS,NL0009805522,Transactiebelasting België,,EUR,"-1,31",EUR,"512,23",702c2ad3-5e85-46b9-806b-d285a294260a
29-09-2025,17:36,29-09-2025,NEBIUS GROUP NV,NBIS,NL0009805522,"Koop 4 @ 109,6 USD",,USD,"-438,40",USD,"-438,40",702c2ad3-5e85-46b9-806b-d285a294260a
29-09-2025,17:36,29-09-2025,NEBIUS GROUP NV,NBIS,NL0009805522,Valuta Creditering,"1,1701",USD,"109,60",USD,"0,00",702c2ad3-5e85-46b9-806b-d285a294260a
29-09-2025,17:36,29-09-2025,NEBIUS GROUP NV,NBIS,NL0009805522,Valuta Debitering,,EUR,"-93,67",EUR,"513,54",702c2ad3-5e85-46b9-806b-d285a294260a
29-09-2025,17:36,29-09-2025,NEBIUS GROUP NV,NBIS,NL0009805522,Transactiebelasting België,,EUR,"-0,33",EUR,"607,21",702c2ad3-5e85-46b9-806b-d285a294260a
29-09-2025,17:36,29-09-2025,NEBIUS GROUP NV,NBIS,NL0009805522,DEGIRO Transactiekosten en/of kosten van derden,,EUR,"-2,00",EUR,"607,54",702c2ad3-5e85-46b9-806b-d285a294260a
29-09-2025,17:36,29-09-2025,NEBIUS GROUP NV,NBIS,NL0009805522,"Koop 1 @ 109,6 USD",,USD,"-109,60",USD,"-109,60",702c2ad3-5e85-46b9-806b-d285a294260a
29-09-2025,17:12,29-09-2025,HARROW HEALTH INC,HROW,US4158581094,Valuta Creditering,"1,1697",USD,"297,00",USD,"0,00",a919d87a-27b1-40ab-abdb-3982526e1a70
29-09-2025,17:12,29-09-2025,HARROW HEALTH INC,HROW,US4158581094,Valuta Debitering,,EUR,"-253,92",EUR,"609,54",a919d87a-27b1-40ab-abdb-3982526e1a70
29-09-2025,17:12,29-09-2025,HARROW HEALTH INC,HROW,US4158581094,Transactiebelasting België,,EUR,"-0,89",EUR,"863,46",a919d87a-27b1-40ab-abdb-3982526e1a70
29-09-2025,17:12,29-09-2025,HARROW HEALTH INC,HROW,US4158581094,DEGIRO Transactiekosten en/of kosten van derden,,EUR,"-2,00",EUR,"864,35",a919d87a-27b1-40ab-abdb-3982526e1a70
29-09-2025,17:12,29-09-2025,HARROW HEALTH INC,HROW,US4158581094,"Koop 6 @ 49,5 USD",,USD,"-297,00",USD,"-297,00",a919d87a-27b1-40ab-abdb-3982526e1a70
04-09-2025,17:51,04-09-2025,,,,"Overboeking van uw geldrekening bij flatexDEGIRO Bank AG: 183,49 EUR",,,,EUR,"866,35",
04-09-2025,17:51,04-09-2025,,,,Degiro Cash Sweep Transfer,,EUR,"183,49",EUR,"1049,84",
04-09-2025,16:29,04-09-2025,AST SPACEMOBILE INC,ASTS,US00217D1000,Valuta Creditering,"1,1611",USD,"210,00",USD,"0,00",716d2691-8778-4999-b10d-bc0fea0df101
04-09-2025,16:29,04-09-2025,AST SPACEMOBILE INC,ASTS,US00217D1000,Valuta Debitering,,EUR,"-180,86",EUR,"866,35",716d2691-8778-4999-b10d-bc0fea0df101
04-09-2025,16:29,04-09-2025,AST SPACEMOBILE INC,ASTS,US00217D1000,Transactiebelasting België,,EUR,"-0,63",EUR,"1047,21",716d2691-8778-4999-b10d-bc0fea0df101
04-09-2025,16:29,04-09-2025,AST SPACEMOBILE INC,ASTS,US00217D1000,DEGIRO Transactiekosten en/of kosten van derden,,EUR,"-2,00",EUR,"1047,84",716d2691-8778-4999-b10d-bc0fea0df101
04-09-2025,16:29,04-09-2025,AST SPACEMOBILE INC,ASTS,US00217D1000,Koop 5 @ 42 USD,,USD,"-210,00",USD,"-210,00",716d2691-8778-4999-b10d-bc0fea0df101
04-09-2025,08:57,04-09-2025,,,,flatex Deposit,,EUR,"800,00",EUR,"1049,84",
27-08-2025,16:40,27-08-2025,,,,"Overboeking van uw geldrekening bij flatexDEGIRO Bank AG: 338,23 EUR",,,,EUR,"249,84",
27-08-2025,16:40,27-08-2025,,,,Degiro Cash Sweep Transfer,,EUR,"338,23",EUR,"588,07",
27-08-2025,15:30,27-08-2025,HARROW HEALTH INC,HROW,US4158581094,Valuta Creditering,"1,1565",USD,"387,50",USD,"0,00",556d066a-d226-4f62-9cd9-77a2a5bc0038
27-08-2025,15:30,27-08-2025,HARROW HEALTH INC,HROW,US4158581094,Valuta Debitering,,EUR,"-335,06",EUR,"249,84",556d066a-d226-4f62-9cd9-77a2a5bc0038
27-08-2025,15:30,27-08-2025,HARROW HEALTH INC,HROW,US4158581094,Transactiebelasting België,,EUR,"-1,17",EUR,"584,90",556d066a-d226-4f62-9cd9-77a2a5bc0038
27-08-2025,15:30,27-08-2025,HARROW HEALTH INC,HROW,US4158581094,DEGIRO Transactiekosten en/of kosten van derden,,EUR,"-2,00",EUR,"586,07",556d066a-d226-4f62-9cd9-77a2a5bc0038
27-08-2025,15:30,27-08-2025,HARROW HEALTH INC,HROW,US4158581094,"Koop 10 @ 38,75 USD",,USD,"-387,50",USD,"-387,50",556d066a-d226-4f62-9cd9-77a2a5bc0038
20-08-2025,10:30,20-08-2025,,,,"Overboeking van uw geldrekening bij flatexDEGIRO Bank AG: 716,59 EUR",,,,EUR,"588,07",
20-08-2025,10:30,20-08-2025,,,,Degiro Cash Sweep Transfer,,EUR,"716,59",EUR,"1304,66",
20-08-2025,09:13,20-08-2025,HIMS & HERS HEALTH INC,82W.BE,US4330001060,Transactiebelasting België,,EUR,"-2,49",EUR,"588,07",06332ba0-0db0-4552-a85f-5185c4884191
20-08-2025,09:13,20-08-2025,HIMS & HERS HEALTH INC,82W.BE,US4330001060,DEGIRO Transactiekosten en/of kosten van derden,,EUR,"-3,90",EUR,"590,56",06332ba0-0db0-4552-a85f-5185c4884191
20-08-2025,09:13,20-08-2025,HIMS & HERS HEALTH INC,82W.BE,US4330001060,"Koop 20 @ 35,51 EUR",,EUR,"-710,20",EUR,"594,46",06332ba0-0db0-4552-a85f-5185c4884191
20-08-2025,08:41,20-08-2025,,,,flatex Deposit,,EUR,"500,00",EUR,"1304,66",
19-08-2025,16:40,19-08-2025,,,,"Overboeking van uw geldrekening bij flatexDEGIRO Bank AG: 387,94 EUR",,,,EUR,"804,66",
19-08-2025,16:40,19-08-2025,,,,Degiro Cash Sweep Transfer,,EUR,"387,94",EUR,"1192,60",
19-08-2025,15:36,19-08-2025,HIMS & HERS HEALTH INC,82W.BE,US4330001060,Transactiebelasting België,,EUR,"-1,34",EUR,"804,66",b50bceb6-2b12-43ff-8c9a-8de31cc4a1c5
19-08-2025,15:36,19-08-2025,HIMS & HERS HEALTH INC,82W.BE,US4330001060,DEGIRO Transactiekosten en/of kosten van derden,,EUR,"-3,90",EUR,"806,00",b50bceb6-2b12-43ff-8c9a-8de31cc4a1c5
19-08-2025,15:36,19-08-2025,HIMS & HERS HEALTH INC,82W.BE,US4330001060,"Koop 10 @ 38,27 EUR",,EUR,"-382,70",EUR,"809,90",b50bceb6-2b12-43ff-8c9a-8de31cc4a1c5
13-08-2025,18:30,13-08-2025,,,,"Overboeking van uw geldrekening bij flatexDEGIRO Bank AG: 810,91 EUR",,,,EUR,"1192,60",
13-08-2025,18:30,13-08-2025,,,,Degiro Cash Sweep Transfer,,EUR,"810,91",EUR,"2003,51",
13-08-2025,17:09,13-08-2025,HIMS & HERS HEALTH INC,82W.BE,US4330001060,Transactiebelasting België,,EUR,"-2,81",EUR,"1192,60",a910eaf5-56fe-4436-baeb-04bf85f56299
13-08-2025,17:09,13-08-2025,HIMS & HERS HEALTH INC,82W.BE,US4330001060,DEGIRO Transactiekosten en/of kosten van derden,,EUR,"-3,90",EUR,"1195,41",a910eaf5-56fe-4436-baeb-04bf85f56299
13-08-2025,17:09,13-08-2025,HIMS & HERS HEALTH INC,82W.BE,US4330001060,"Koop 20 @ 40,21 EUR",,EUR,"-804,20",EUR,"1199,31",a910eaf5-56fe-4436-baeb-04bf85f56299
13-08-2025,16:40,13-08-2025,,,,"Overboeking van uw geldrekening bij flatexDEGIRO Bank AG: 777,52 EUR",,,,EUR,"2003,51",
13-08-2025,16:40,13-08-2025,,,,Degiro Cash Sweep Transfer,,EUR,"777,52",EUR,"2781,03",
13-08-2025,15:56,13-08-2025,HARROW HEALTH INC,HROW,US4158581094,Valuta Creditering,"1,1675",USD,"902,25",USD,"0,00",0a31489b-f505-4c11-b0bc-d081abe54f7b
13-08-2025,15:56,13-08-2025,HARROW HEALTH INC,HROW,US4158581094,Valuta Debitering,,EUR,"-772,82",EUR,"2003,51",0a31489b-f505-4c11-b0bc-d081abe54f7b
13-08-2025,15:56,13-08-2025,HARROW HEALTH INC,HROW,US4158581094,Transactiebelasting België,,EUR,"-2,70",EUR,"2776,33",0a31489b-f505-4c11-b0bc-d081abe54f7b
13-08-2025,15:56,13-08-2025,HARROW HEALTH INC,HROW,US4158581094,DEGIRO Transactiekosten en/of kosten van derden,,EUR,"-2,00",EUR,"2779,03",0a31489b-f505-4c11-b0bc-d081abe54f7b
13-08-2025,15:56,13-08-2025,HARROW HEALTH INC,HROW,US4158581094,"Koop 25 @ 36,09 USD",,USD,"-902,25",USD,"-902,25",0a31489b-f505-4c11-b0bc-d081abe54f7b
12-08-2025,10:33,12-08-2025,,,,"Overboeking naar uw geldrekening bij flatexDEGIRO Bank AG: 2.538,97 EUR",,,,EUR,"2781,03",
12-08-2025,10:33,12-08-2025,,,,Degiro Cash Sweep Transfer,,EUR,"-2538,97",EUR,"242,06",
12-08-2025,09:06,12-08-2025,HIMS & HERS HEALTH INC,82W.BE,US4330001060,Transactiebelasting België,,EUR,"-8,93",EUR,"2781,03",ebbca228-505a-4193-8fd1-a1a00afcdbad
12-08-2025,09:06,12-08-2025,HIMS & HERS HEALTH INC,82W.BE,US4330001060,DEGIRO Transactiekosten en/of kosten van derden,,EUR,"-3,90",EUR,"2789,96",ebbca228-505a-4193-8fd1-a1a00afcdbad
12-08-2025,09:06,12-08-2025,HIMS & HERS HEALTH INC,82W.BE,US4330001060,"Verkoop 60 @ 42,53 EUR",,EUR,"2551,80",EUR,"2793,86",ebbca228-505a-4193-8fd1-a1a00afcdbad
07-08-2025,11:02,07-08-2025,,,,"Overboeking van uw geldrekening bij flatexDEGIRO Bank AG: 1.165,54 EUR",,,,EUR,"242,06",
07-08-2025,11:02,07-08-2025,,,,Degiro Cash Sweep Transfer,,EUR,"1165,54",EUR,"1407,60",
07-08-2025,08:39,07-08-2025,ADVANCED MICRO DEVICES INC,AMD,US0079031078,Transactiebelasting België,,EUR,"-2,48",EUR,"242,06",558d414e-30b7-428c-a1ef-d487becc997e
07-08-2025,08:39,07-08-2025,ADVANCED MICRO DEVICES INC,AMD,US0079031078,DEGIRO Transactiekosten en/of kosten van derden,,EUR,"-3,90",EUR,"244,54",558d414e-30b7-428c-a1ef-d487becc997e
07-08-2025,08:39,07-08-2025,ADVANCED MICRO DEVICES INC,AMD,US0079031078,"Koop 5 @ 141,8 EUR",,EUR,"-709,00",EUR,"248,44",558d414e-30b7-428c-a1ef-d487becc997e
07-08-2025,08:37,07-08-2025,HIMS & HERS HEALTH INC,82W.BE,US4330001060,Transactiebelasting België,,EUR,"-1,56",EUR,"957,44",47eca6b7-1402-43a6-9951-c7113ddd6d0f
07-08-2025,08:37,07-08-2025,HIMS & HERS HEALTH INC,82W.BE,US4330001060,DEGIRO Transactiekosten en/of kosten van derden,,EUR,"-3,90",EUR,"959,00",47eca6b7-1402-43a6-9951-c7113ddd6d0f
07-08-2025,08:37,07-08-2025,HIMS & HERS HEALTH INC,82W.BE,US4330001060,"Koop 10 @ 44,47 EUR",,EUR,"-444,70",EUR,"962,90",47eca6b7-1402-43a6-9951-c7113ddd6d0f
18-07-2025,16:33,18-07-2025,,,,"Overboeking naar uw geldrekening bij flatexDEGIRO Bank AG: 103,19 EUR",,,,EUR,"1407,60",
18-07-2025,16:33,18-07-2025,,,,Degiro Cash Sweep Transfer,,EUR,"-103,19",EUR,"1304,41",
18-07-2025,15:30,18-07-2025,LEMONADE INC,LMND,US52567D1072,Valuta Debitering,"1,1692",USD,"-123,42",USD,"0,00",10864d98-b28b-4272-afae-8c091d0d2884
18-07-2025,15:30,18-07-2025,LEMONADE INC,LMND,US52567D1072,Valuta Creditering,,EUR,"105,56",EUR,"1407,60",10864d98-b28b-4272-afae-8c091d0d2884
18-07-2025,15:30,18-07-2025,LEMONADE INC,LMND,US52567D1072,Transactiebelasting België,,EUR,"-0,37",EUR,"1302,04",10864d98-b28b-4272-afae-8c091d0d2884
18-07-2025,15:30,18-07-2025,LEMONADE INC,LMND,US52567D1072,DEGIRO Transactiekosten en/of kosten van derden,,EUR,"-2,00",EUR,"1302,41",10864d98-b28b-4272-afae-8c091d0d2884
18-07-2025,15:30,18-07-2025,LEMONADE INC,LMND,US52567D1072,"Verkoop 3 @ 41,14 USD",,USD,"123,42",USD,"123,42",10864d98-b28b-4272-afae-8c091d0d2884
18-07-2025,08:41,18-07-2025,,,,flatex Deposit,,EUR,"1000,00",EUR,"1304,41",
17-07-2025,18:20,17-07-2025,,,,"Overboeking van uw geldrekening bij flatexDEGIRO Bank AG: 701,33 EUR",,,,EUR,"304,41",
17-07-2025,18:20,17-07-2025,,,,Degiro Cash Sweep Transfer,,EUR,"701,33",EUR,"1005,74",
17-07-2025,17:19,17-07-2025,ZETA GLOBAL HOLDINGS CORP,ZETA,US98956A1051,Transactiebelasting België,,EUR,"-2,43",EUR,"304,41",e562e001-87f6-4dd6-9c02-e1710a89e694
17-07-2025,17:19,17-07-2025,ZETA GLOBAL HOLDINGS CORP,ZETA,US98956A1051,DEGIRO Transactiekosten en/of kosten van derden,,EUR,"-3,90",EUR,"306,84",e562e001-87f6-4dd6-9c02-e1710a89e694
17-07-2025,17:19,17-07-2025,ZETA GLOBAL HOLDINGS CORP,ZETA,US98956A1051,"Koop 50 @ 13,9 EUR",,EUR,"-695,00",EUR,"310,74",e562e001-87f6-4dd6-9c02-e1710a89e694
17-07-2025,16:31,17-07-2025,,,,"Overboeking van uw geldrekening bij flatexDEGIRO Bank AG: 106,56 EUR",,,,EUR,"1005,74",
17-07-2025,16:31,17-07-2025,,,,Degiro Cash Sweep Transfer,,EUR,"106,56",EUR,"1112,30",
17-07-2025,15:30,17-07-2025,LEMONADE INC,LMND,US52567D1072,Valuta Creditering,"1,1560",USD,"120,45",USD,"0,00",fad73a14-707c-4fce-9d66-5d9ed3a28aba
17-07-2025,15:30,17-07-2025,LEMONADE INC,LMND,US52567D1072,Valuta Debitering,,EUR,"-104,20",EUR,"1005,74",fad73a14-707c-4fce-9d66-5d9ed3a28aba
17-07-2025,15:30,17-07-2025,LEMONADE INC,LMND,US52567D1072,Transactiebelasting België,,EUR,"-0,36",EUR,"1109,94",fad73a14-707c-4fce-9d66-5d9ed3a28aba
17-07-2025,15:30,17-07-2025,LEMONADE INC,LMND,US52567D1072,DEGIRO Transactiekosten en/of kosten van derden,,EUR,"-2,00",EUR,"1110,30",fad73a14-707c-4fce-9d66-5d9ed3a28aba
17-07-2025,15:30,17-07-2025,LEMONADE INC,LMND,US52567D1072,"Koop 3 @ 40,15 USD",,USD,"-120,45",USD,"-120,45",fad73a14-707c-4fce-9d66-5d9ed3a28aba
06-07-2025,15:42,30-06-2025,,,,Flatex Interest Income,,EUR,"0,00",EUR,"1112,30",
30-06-2025,17:32,30-06-2025,,,,"Overboeking naar uw geldrekening bij flatexDEGIRO Bank AG: 795,91 EUR",,,,EUR,"1112,30",
30-06-2025,17:32,30-06-2025,,,,Degiro Cash Sweep Transfer,,EUR,"-795,91",EUR,"316,39",
30-06-2025,16:10,30-06-2025,AST SPACEMOBILE INC,ASTS,US00217D1000,Valuta Debitering,"1,1754",USD,"-941,20",USD,"0,00",97c8b257-9ad0-4119-9af4-8d6b7292041e
30-06-2025,16:10,30-06-2025,AST SPACEMOBILE INC,ASTS,US00217D1000,Valuta Creditering,,EUR,"800,73",EUR,"1112,30",97c8b257-9ad0-4119-9af4-8d6b7292041e
30-06-2025,16:10,30-06-2025,AST SPACEMOBILE INC,ASTS,US00217D1000,Transactiebelasting België,,EUR,"-2,82",EUR,"311,57",97c8b257-9ad0-4119-9af4-8d6b7292041e
30-06-2025,16:10,30-06-2025,AST SPACEMOBILE INC,ASTS,US00217D1000,DEGIRO Transactiekosten en/of kosten van derden,,EUR,"-2,00",EUR,"314,39",97c8b257-9ad0-4119-9af4-8d6b7292041e
30-06-2025,16:10,30-06-2025,AST SPACEMOBILE INC,ASTS,US00217D1000,"Verkoop 20 @ 47,06 USD",,USD,"941,20",USD,"941,20",97c8b257-9ad0-4119-9af4-8d6b7292041e
26-06-2025,10:31,26-06-2025,,,,"Overboeking van uw geldrekening bij flatexDEGIRO Bank AG: 185,99 EUR",,,,EUR,"316,39",
26-06-2025,10:31,26-06-2025,,,,Degiro Cash Sweep Transfer,,EUR,"185,99",EUR,"502,38",
26-06-2025,09:42,26-06-2025,HIMS & HERS HEALTH INC,82W.BE,US4330001060,Transactiebelasting België,,EUR,"-0,64",EUR,"316,39",9066b753-dc18-4f38-b4a9-1bb1549a3d0a
26-06-2025,09:42,26-06-2025,HIMS & HERS HEALTH INC,82W.BE,US4330001060,DEGIRO Transactiekosten en/of kosten van derden,,EUR,"-3,90",EUR,"317,03",9066b753-dc18-4f38-b4a9-1bb1549a3d0a
26-06-2025,09:42,26-06-2025,HIMS & HERS HEALTH INC,82W.BE,US4330001060,"Koop 5 @ 36,29 EUR",,EUR,"-181,45",EUR,"320,93",9066b753-dc18-4f38-b4a9-1bb1549a3d0a
02-06-2025,14:44,02-06-2025,,,,Degiro Cash Sweep Transfer,,EUR,"2,50",EUR,"502,38",
02-06-2025,14:44,02-06-2025,,,,"Overboeking van uw geldrekening bij flatexDEGIRO Bank AG: 2,5 EUR",,,,EUR,"499,88",
02-06-2025,13:16,31-05-2025,,,,DEGIRO Aansluitingskosten 2025 (New York Stock Exchange - NSY),,EUR,"-2,50",EUR,"502,38",
28-05-2025,16:30,28-05-2025,,,,Degiro Cash Sweep Transfer,,EUR,"447,18",EUR,"504,88",
28-05-2025,16:30,28-05-2025,,,,"Overboeking van uw geldrekening bij flatexDEGIRO Bank AG: 447,18 EUR",,,,EUR,"57,70",
28-05-2025,15:30,28-05-2025,AST SPACEMOBILE INC,ASTS,US00217D1000,Valuta Creditering,"1,1271",USD,"500,00",USD,"0,00",e6beb99c-f46f-49cd-83cd-da00ecb8a479
28-05-2025,15:30,28-05-2025,AST SPACEMOBILE INC,ASTS,US00217D1000,Valuta Debitering,,EUR,"-443,63",EUR,"504,88",e6beb99c-f46f-49cd-83cd-da00ecb8a479
28-05-2025,15:30,28-05-2025,AST SPACEMOBILE INC,ASTS,US00217D1000,Transactiebelasting België,,EUR,"-1,55",EUR,"948,51",e6beb99c-f46f-49cd-83cd-da00ecb8a479
28-05-2025,15:30,28-05-2025,AST SPACEMOBILE INC,ASTS,US00217D1000,DEGIRO Transactiekosten en/of kosten van derden,,EUR,"-2,00",EUR,"950,06",e6beb99c-f46f-49cd-83cd-da00ecb8a479
28-05-2025,15:30,28-05-2025,AST SPACEMOBILE INC,ASTS,US00217D1000,Koop 20 @ 25 USD,,USD,"-500,00",USD,"-500,00",e6beb99c-f46f-49cd-83cd-da00ecb8a479
28-05-2025,11:21,28-05-2025,,,,Degiro Cash Sweep Transfer,,EUR,"240,98",EUR,"952,06",
28-05-2025,11:21,28-05-2025,,,,"Overboeking van uw geldrekening bij flatexDEGIRO Bank AG: 240,98 EUR",,,,EUR,"711,08",
28-05-2025,10:55,28-05-2025,HIMS & HERS HEALTH INC,82W.BE,US4330001060,Transactiebelasting België,,EUR,"-0,83",EUR,"952,06",322236b0-be50-40c9-a9b9-9e798cc115a6
28-05-2025,10:55,28-05-2025,HIMS & HERS HEALTH INC,82W.BE,US4330001060,DEGIRO Transactiekosten en/of kosten van derden,,EUR,"-3,90",EUR,"952,89",322236b0-be50-40c9-a9b9-9e798cc115a6
28-05-2025,10:55,28-05-2025,HIMS & HERS HEALTH INC,82W.BE,US4330001060,"Koop 5 @ 47,25 EUR",,EUR,"-236,25",EUR,"956,79",322236b0-be50-40c9-a9b9-9e798cc115a6
19-05-2025,19:20,19-05-2025,,,,"Overboeking naar uw geldrekening bij flatexDEGIRO Bank AG: 553,56 EUR",,,,EUR,"1193,04",
19-05-2025,19:20,19-05-2025,,,,Degiro Cash Sweep Transfer,,EUR,"-553,56",EUR,"639,48",
19-05-2025,18:33,19-05-2025,UNITEDHEALTH GROUP,UNH,US91324P1021,Valuta Debitering,"1,1264",USD,"-628,00",USD,"0,00",c8ae0074-04ee-4645-8425-b97c90d1b0db
19-05-2025,18:33,19-05-2025,UNITEDHEALTH GROUP,UNH,US91324P1021,Valuta Creditering,,EUR,"557,52",EUR,"1193,04",c8ae0074-04ee-4645-8425-b97c90d1b0db
19-05-2025,18:33,19-05-2025,UNITEDHEALTH GROUP,UNH,US91324P1021,Transactiebelasting België,,EUR,"-1,96",EUR,"635,52",c8ae0074-04ee-4645-8425-b97c90d1b0db
19-05-2025,18:33,19-05-2025,UNITEDHEALTH GROUP,UNH,US91324P1021,DEGIRO Transactiekosten en/of kosten van derden,,EUR,"-2,00",EUR,"637,48",c8ae0074-04ee-4645-8425-b97c90d1b0db
19-05-2025,18:33,19-05-2025,UNITEDHEALTH GROUP,UNH,US91324P1021,Verkoop 2 @ 314 USD,,USD,"628,00",USD,"628,00",c8ae0074-04ee-4645-8425-b97c90d1b0db
15-05-2025,18:20,15-05-2025,,,,"Overboeking van uw geldrekening bij flatexDEGIRO Bank AG: 3.596,23 EUR",,,,EUR,"639,48",
15-05-2025,18:20,15-05-2025,,,,Degiro Cash Sweep Transfer,,EUR,"3596,23",EUR,"4235,71",
15-05-2025,17:50,15-05-2025,HIMS & HERS HEALTH INC,82W.BE,US4330001060,Transactiebelasting België,,EUR,"-12,53",EUR,"639,48",c1f23526-f3e5-45d4-aad6-8e77c86505f3
15-05-2025,17:50,15-05-2025,HIMS & HERS HEALTH INC,82W.BE,US4330001060,DEGIRO Transactiekosten en/of kosten van derden,,EUR,"-3,90",EUR,"652,01",c1f23526-f3e5-45d4-aad6-8e77c86505f3
15-05-2025,17:50,15-05-2025,HIMS & HERS HEALTH INC,82W.BE,US4330001060,"Koop 70 @ 51,14 EUR",,EUR,"-3579,80",EUR,"655,91",c1f23526-f3e5-45d4-aad6-8e77c86505f3
15-05-2025,17:33,15-05-2025,,,,"Overboeking naar uw geldrekening bij flatexDEGIRO Bank AG: 2.409,12 EUR",,,,EUR,"4235,71",
15-05-2025,17:33,15-05-2025,,,,Degiro Cash Sweep Transfer,,EUR,"-2409,12",EUR,"1826,59",
15-05-2025,16:38,15-05-2025,HIMS & HERS HEALTH INC,82W.BE,US4330001060,Transactiebelasting België,,EUR,"-8,48",EUR,"4235,71",776766f5-202d-4d30-993c-a37f2beda71b
15-05-2025,16:38,15-05-2025,HIMS & HERS HEALTH INC,82W.BE,US4330001060,DEGIRO Transactiekosten en/of kosten van derden,,EUR,"-3,90",EUR,"4244,19",776766f5-202d-4d30-993c-a37f2beda71b
15-05-2025,16:38,15-05-2025,HIMS & HERS HEALTH INC,82W.BE,US4330001060,"Verkoop 50 @ 48,43 EUR",,EUR,"2421,50",EUR,"4248,09",776766f5-202d-4d30-993c-a37f2beda71b
15-05-2025,16:21,15-05-2025,,,,"Overboeking van uw geldrekening bij flatexDEGIRO Bank AG: 467,09 EUR",,,,EUR,"1826,59",
15-05-2025,16:21,15-05-2025,,,,Degiro Cash Sweep Transfer,,EUR,"467,09",EUR,"2293,68",
15-05-2025,15:51,15-05-2025,UNITEDHEALTH GROUP,UNH,US91324P1021,Valuta Creditering,"1,1171",USD,"517,74",USD,"0,00",86ad4ae7-c667-4de2-8e4c-540cebe9d1c3
15-05-2025,15:51,15-05-2025,UNITEDHEALTH GROUP,UNH,US91324P1021,Valuta Debitering,,EUR,"-463,47",EUR,"1826,59",86ad4ae7-c667-4de2-8e4c-540cebe9d1c3
15-05-2025,15:51,15-05-2025,UNITEDHEALTH GROUP,UNH,US91324P1021,Transactiebelasting België,,EUR,"-1,62",EUR,"2290,06",86ad4ae7-c667-4de2-8e4c-540cebe9d1c3
15-05-2025,15:51,15-05-2025,UNITEDHEALTH GROUP,UNH,US91324P1021,DEGIRO Transactiekosten en/of kosten van derden,,EUR,"-2,00",EUR,"2291,68",86ad4ae7-c667-4de2-8e4c-540cebe9d1c3
15-05-2025,15:51,15-05-2025,UNITEDHEALTH GROUP,UNH,US91324P1021,"Koop 2 @ 258,87 USD",,USD,"-517,74",USD,"-517,74",86ad4ae7-c667-4de2-8e4c-540cebe9d1c3
14-05-2025,08:33,14-05-2025,,,,"Overboeking naar uw geldrekening bij flatexDEGIRO Bank AG: 1.167,98 EUR",,,,EUR,"2293,68",
14-05-2025,08:33,14-05-2025,,,,Degiro Cash Sweep Transfer,,EUR,"-1167,98",EUR,"1125,70",
14-05-2025,07:34,14-05-2025,HIMS & HERS HEALTH INC,82W.BE,US4330001060,Transactiebelasting België,,EUR,"-4,12",EUR,"2293,68",74c8ca12-ebcc-4c1a-8be1-d10664345642
14-05-2025,07:34,14-05-2025,HIMS & HERS HEALTH INC,82W.BE,US4330001060,DEGIRO Transactiekosten en/of kosten van derden,,EUR,"-3,90",EUR,"2297,80",74c8ca12-ebcc-4c1a-8be1-d10664345642
14-05-2025,07:34,14-05-2025,HIMS & HERS HEALTH INC,82W.BE,US4330001060,"Verkoop 20 @ 58,8 EUR",,EUR,"1176,00",EUR,"2301,70",74c8ca12-ebcc-4c1a-8be1-d10664345642
13-05-2025,17:20,13-05-2025,,,,"Overboeking van uw geldrekening bij flatexDEGIRO Bank AG: 1.492,74 EUR",,,,EUR,"1125,70",
13-05-2025,17:20,13-05-2025,,,,Degiro Cash Sweep Transfer,,EUR,"1492,74",EUR,"2618,44",
13-05-2025,16:42,13-05-2025,,,,"Overboeking naar uw geldrekening bij flatexDEGIRO Bank AG: 1.062,35 EUR",,,,EUR,"1125,70",
13-05-2025,16:42,13-05-2025,,,,Degiro Cash Sweep Transfer,,EUR,"-1062,35",EUR,"63,35",
13-05-2025,16:37,13-05-2025,ADVANCED MICRO DEVICES INC,AMD,US0079031078,Transactiebelasting België,,EUR,"-5,19",EUR,"1125,70",28144120-c0b5-4b0a-b770-7fa8ffc23e81
13-05-2025,16:37,13-05-2025,ADVANCED MICRO DEVICES INC,AMD,US0079031078,DEGIRO Transactiekosten en/of kosten van derden,,EUR,"-3,90",EUR,"1130,89",28144120-c0b5-4b0a-b770-7fa8ffc23e81
13-05-2025,16:37,13-05-2025,ADVANCED MICRO DEVICES INC,AMD,US0079031078,"Koop 15 @ 98,91 EUR",,EUR,"-1483,65",EUR,"1134,79",28144120-c0b5-4b0a-b770-7fa8ffc23e81
13-05-2025,15:39,13-05-2025,HIMS & HERS HEALTH INC,82W.BE,US4330001060,Transactiebelasting België,,EUR,"-3,75",EUR,"2618,44",fe2d28d8-57b1-4f8f-9569-17a5d95eb5d9
13-05-2025,15:39,13-05-2025,HIMS & HERS HEALTH INC,82W.BE,US4330001060,DEGIRO Transactiekosten en/of kosten van derden,,EUR,"-3,90",EUR,"2622,19",fe2d28d8-57b1-4f8f-9569-17a5d95eb5d9
13-05-2025,15:39,13-05-2025,HIMS & HERS HEALTH INC,82W.BE,US4330001060,"Verkoop 20 @ 53,5 EUR",,EUR,"1070,00",EUR,"2626,09",fe2d28d8-57b1-4f8f-9569-17a5d95eb5d9
13-05-2025,12:21,13-05-2025,,,,"Overboeking naar uw geldrekening bij flatexDEGIRO Bank AG: 963,2 EUR",,,,EUR,"1556,09",
13-05-2025,12:21,13-05-2025,,,,Degiro Cash Sweep Transfer,,EUR,"-963,20",EUR,"592,89",
13-05-2025,11:53,13-05-2025,ADVANCED MICRO DEVICES INC,AMD,US0079031078,Transactiebelasting België,,EUR,"-1,70",EUR,"1556,09",1c56e45c-8f71-4630-8be3-889f7b237375
13-05-2025,11:53,13-05-2025,ADVANCED MICRO DEVICES INC,AMD,US0079031078,Transactiebelasting België,,EUR,"-1,70",EUR,"1557,79",1c56e45c-8f71-4630-8be3-889f7b237375
13-05-2025,11:53,13-05-2025,ADVANCED MICRO DEVICES INC,AMD,US0079031078,DEGIRO Transactiekosten en/of kosten van derden,,EUR,"-4,90",EUR,"1559,49",1c56e45c-8f71-4630-8be3-889f7b237375
13-05-2025,11:53,13-05-2025,ADVANCED MICRO DEVICES INC,AMD,US0079031078,"Verkoop 5 @ 97,15 EUR",,EUR,"485,75",EUR,"1564,39",1c56e45c-8f71-4630-8be3-889f7b237375
13-05-2025,11:53,13-05-2025,ADVANCED MICRO DEVICES INC,AMD,US0079031078,"Verkoop 5 @ 97,15 EUR",,EUR,"485,75",EUR,"1078,64",1c56e45c-8f71-4630-8be3-889f7b237375
09-05-2025,14:20,09-05-2025,,,,"Overboeking van uw geldrekening bij flatexDEGIRO Bank AG: 458,49 EUR",,,,EUR,"592,89",
09-05-2025,14:20,09-05-2025,,,,Degiro Cash Sweep Transfer,,EUR,"458,49",EUR,"1051,38",
09-05-2025,13:25,09-05-2025,HIMS & HERS HEALTH INC,82W.BE,US4330001060,Transactiebelasting België,,EUR,"-1,59",EUR,"592,89",60a263ff-9812-4880-b20e-1df069f4fce4
09-05-2025,13:25,09-05-2025,HIMS & HERS HEALTH INC,82W.BE,US4330001060,DEGIRO Transactiekosten en/of kosten van derden,,EUR,"-3,90",EUR,"594,48",60a263ff-9812-4880-b20e-1df069f4fce4
09-05-2025,13:25,09-05-2025,HIMS & HERS HEALTH INC,82W.BE,US4330001060,"Koop 10 @ 45,3 EUR",,EUR,"-453,00",EUR,"598,38",60a263ff-9812-4880-b20e-1df069f4fce4
07-05-2025,08:44,07-05-2025,,,,flatex Deposit,,EUR,"1000,00",EUR,"1051,38",
16-04-2025,01:22,15-04-2025,,,,"Overboeking van uw geldrekening bij flatexDEGIRO Bank AG: 862,39 EUR",,,,EUR,"51,38",
16-04-2025,01:22,15-04-2025,,,,Degiro Cash Sweep Transfer,,EUR,"862,39",EUR,"913,77",
15-04-2025,16:09,15-04-2025,ADVANCED MICRO DEVICES INC,AMD,US0079031078,Transactiebelasting België,,EUR,"-2,99",EUR,"51,38",462f8bbd-7cbe-4dfd-ab04-e707797b4c99
15-04-2025,16:09,15-04-2025,ADVANCED MICRO DEVICES INC,AMD,US0079031078,DEGIRO Transactiekosten en/of kosten van derden,,EUR,"-4,90",EUR,"54,37",462f8bbd-7cbe-4dfd-ab04-e707797b4c99
15-04-2025,16:09,15-04-2025,ADVANCED MICRO DEVICES INC,AMD,US0079031078,"Koop 10 @ 85,45 EUR",,EUR,"-854,50",EUR,"59,27",462f8bbd-7cbe-4dfd-ab04-e707797b4c99
15-04-2025,15:52,15-04-2025,,,,flatex Deposit,,EUR,"900,00",EUR,"913,77",
06-04-2025,03:50,31-03-2025,,,,Flatex Interest Income,,EUR,"0,00",EUR,"13,77",
05-03-2025,19:21,05-03-2025,,,,"Overboeking van uw geldrekening bij flatexDEGIRO Bank AG: 992,85 EUR",,,,EUR,"13,77",
05-03-2025,19:21,05-03-2025,,,,Degiro Cash Sweep Transfer,,EUR,"992,85",EUR,"1006,62",
05-03-2025,14:02,05-03-2025,HIMS & HERS HEALTH INC,82W.BE,US4330001060,Transactiebelasting België,,EUR,"-3,45",EUR,"13,77",d4ef840d-63da-4e76-b740-b94d0d8b172e
05-03-2025,14:02,05-03-2025,HIMS & HERS HEALTH INC,82W.BE,US4330001060,DEGIRO Transactiekosten en/of kosten van derden,,EUR,"-3,90",EUR,"17,22",d4ef840d-63da-4e76-b740-b94d0d8b172e
05-03-2025,14:02,05-03-2025,HIMS & HERS HEALTH INC,82W.BE,US4330001060,"Koop 27 @ 36,5 EUR",,EUR,"-985,50",EUR,"21,12",d4ef840d-63da-4e76-b740-b94d0d8b172e
05-03-2025,10:22,05-03-2025,,,,"Overboeking van uw geldrekening bij flatexDEGIRO Bank AG: 113,48 EUR",,,,EUR,"1006,62",
05-03-2025,10:22,05-03-2025,,,,Degiro Cash Sweep Transfer,,EUR,"113,48",EUR,"1120,10",
04-03-2025,15:52,04-03-2025,,,,flatex Deposit,,EUR,"1000,00",EUR,"1006,62",
04-03-2025,15:32,04-03-2025,HIMS & HERS HEALTH INC,82W.BE,US4330001060,Transactiebelasting België,,EUR,"-0,38",EUR,"6,62",df25c883-e35a-4d41-98e3-c9e386d27bc5
04-03-2025,15:32,04-03-2025,HIMS & HERS HEALTH INC,82W.BE,US4330001060,DEGIRO Transactiekosten en/of kosten van derden,,EUR,"-3,90",EUR,"7,00",df25c883-e35a-4d41-98e3-c9e386d27bc5
04-03-2025,15:32,04-03-2025,HIMS & HERS HEALTH INC,82W.BE,US4330001060,"Koop 3 @ 36,4 EUR",,EUR,"-109,20",EUR,"10,90",df25c883-e35a-4d41-98e3-c9e386d27bc5
03-03-2025,20:12,03-03-2025,,,,Degiro Cash Sweep Transfer,,EUR,"5,00",EUR,"120,10",
03-03-2025,20:12,03-03-2025,,,,Overboeking van uw geldrekening bij flatexDEGIRO Bank AG: 5 EUR,,,,EUR,"115,10",
03-03-2025,13:54,28-02-2025,,,,DEGIRO Aansluitingskosten 2025 (Nasdaq - NDQ),,EUR,"-2,50",EUR,"120,10",
03-03-2025,13:54,28-02-2025,,,,DEGIRO Aansluitingskosten 2025 (Tradegate AG - TDG),,EUR,"-2,50",EUR,"122,60",
26-02-2025,03:40,25-02-2025,,,,Degiro Cash Sweep Transfer,,EUR,"1144,88",EUR,"125,10",
26-02-2025,03:40,25-02-2025,,,,"Overboeking van uw geldrekening bij flatexDEGIRO Bank AG: 1.144,88 EUR",,,,EUR,"-1019,78",
26-02-2025,03:10,25-02-2025,,,,Degiro Cash Sweep Transfer,,EUR,"-1255,76",EUR,"125,10",
26-02-2025,03:10,25-02-2025,,,,"Overboeking naar uw geldrekening bij flatexDEGIRO Bank AG: 1.255,76 EUR",,,,EUR,"1380,86",
25-02-2025,15:05,25-02-2025,HIMS & HERS HEALTH INC,82W.BE,US4330001060,Transactiebelasting België,,EUR,"-3,98",EUR,"125,10",0a5a4fb8-1648-4571-bbfd-d010958c5f1d
25-02-2025,15:05,25-02-2025,HIMS & HERS HEALTH INC,82W.BE,US4330001060,DEGIRO Transactiekosten en/of kosten van derden,,EUR,"-3,90",EUR,"129,08",0a5a4fb8-1648-4571-bbfd-d010958c5f1d
25-02-2025,15:05,25-02-2025,HIMS & HERS HEALTH INC,82W.BE,US4330001060,"Koop 30 @ 37,9 EUR",,EUR,"-1137,00",EUR,"132,98",0a5a4fb8-1648-4571-bbfd-d010958c5f1d
25-02-2025,14:47,25-02-2025,ADVANCED MICRO DEVICES INC,AMD,US0079031078,Transactiebelasting België,,EUR,"-2,16",EUR,"1269,98",e5917bf5-c7ae-455d-ac9e-28a261e150a0
25-02-2025,14:47,25-02-2025,ADVANCED MICRO DEVICES INC,AMD,US0079031078,DEGIRO Transactiekosten en/of kosten van derden,,EUR,"-3,90",EUR,"1272,14",e5917bf5-c7ae-455d-ac9e-28a261e150a0
25-02-2025,14:47,25-02-2025,ADVANCED MICRO DEVICES INC,AMD,US0079031078,"Verkoop 6 @ 102,76 EUR",,EUR,"616,56",EUR,"1276,04",e5917bf5-c7ae-455d-
,,,,,,,,,,,,ac9e-28a261e150a0
25-02-2025,14:46,25-02-2025,VANGUARD S&P 500 UCITS ETF USD,VUSA.DE,IE00B3XXRP09,Transactiebelasting België,,EUR,"-0,78",EUR,"659,48",54dc52c0-dff1-46f0-a1a3-5aa75ad5c41a
25-02-2025,14:46,25-02-2025,VANGUARD S&P 500 UCITS ETF USD,VUSA.DE,IE00B3XXRP09,DEGIRO Transactiekosten en/of kosten van derden,,EUR,"-3,00",EUR,"660,26",54dc52c0-dff1-46f0-a1a3-5aa75ad5c41a
25-02-2025,14:46,25-02-2025,VANGUARD S&P 500 UCITS ETF USD,VUSA.DE,IE00B3XXRP09,"Verkoop 6 @ 108,173 EUR",,EUR,"649,04",EUR,"663,26",54dc52c0-dff1-46f0-a1a3-5aa75ad5c41a
25-02-2025,03:01,24-02-2025,,,,Degiro Cash Sweep Transfer,,EUR,"1,58",EUR,"14,22",
25-02-2025,03:01,24-02-2025,,,,"Overboeking van uw geldrekening bij flatexDEGIRO Bank AG: 1,58 EUR",,,,EUR,"12,64",
24-02-2025,18:51,24-02-2025,,,,Degiro Cash Sweep Transfer,,EUR,"22,63",EUR,"14,22",
24-02-2025,18:51,24-02-2025,,,,"Overboeking van uw geldrekening bij flatexDEGIRO Bank AG: 22,63 EUR",,,,EUR,"-8,41",
24-02-2025,18:16,24-02-2025,HIMS & HERS HEALTH INC,82W.BE,US4330001060,Transactiebelasting België,,EUR,"-1,16",EUR,"14,22",ef8f4b33-70d9-41f3-8d0f-2f6bbf3b62ab
24-02-2025,18:16,24-02-2025,HIMS & HERS HEALTH INC,82W.BE,US4330001060,DEGIRO Transactiekosten en/of kosten van derden,,EUR,"-3,90",EUR,"15,38",ef8f4b33-70d9-41f3-8d0f-2f6bbf3b62ab
24-02-2025,18:16,24-02-2025,HIMS & HERS HEALTH INC,82W.BE,US4330001060,"Koop 7 @ 47,3 EUR",,EUR,"-331,10",EUR,"19,28",ef8f4b33-70d9-41f3-8d0f-2f6bbf3b62ab
24-02-2025,16:15,24-02-2025,STRATA CRITICAL MEDICAL INC,SRTA,US0926671043,Valuta Debitering,"1,0495",USD,"-354,50",USD,"0,00",44b5ef13-101b-4ee7-97db-4725e8e9639d
24-02-2025,16:15,24-02-2025,STRATA CRITICAL MEDICAL INC,SRTA,US0926671043,Valuta Creditering,,EUR,"337,77",EUR,"350,38",44b5ef13-101b-4ee7-97db-4725e8e9639d
24-02-2025,16:15,24-02-2025,STRATA CRITICAL MEDICAL INC,SRTA,US0926671043,Transactiebelasting België,,EUR,"-1,19",EUR,"12,61",44b5ef13-101b-4ee7-97db-4725e8e9639d
24-02-2025,16:15,24-02-2025,STRATA CRITICAL MEDICAL INC,SRTA,US0926671043,DEGIRO Transactiekosten en/of kosten van derden,,EUR,"-2,00",EUR,"13,80",44b5ef13-101b-4ee7-97db-4725e8e9639d
24-02-2025,16:15,24-02-2025,STRATA CRITICAL MEDICAL INC,SRTA,US0926671043,"Verkoop 100 @ 3,545 USD",,USD,"354,50",USD,"354,50",44b5ef13-101b-4ee7-97db-4725e8e9639d
24-02-2025,10:44,24-02-2025,HIMS & HERS HEALTH INC,82W.BE,US4330001060,Transactiebelasting België,,EUR,"-2,14",EUR,"15,80",10c19db3-2114-4c3f-a98c-842b5fb10f2b
24-02-2025,10:44,24-02-2025,HIMS & HERS HEALTH INC,82W.BE,US4330001060,DEGIRO Transactiekosten en/of kosten van derden,,EUR,"-3,90",EUR,"17,94",10c19db3-2114-4c3f-a98c-842b5fb10f2b
24-02-2025,10:44,24-02-2025,HIMS & HERS HEALTH INC,82W.BE,US4330001060,"Koop 13 @ 47,05 EUR",,EUR,"-611,65",EUR,"21,84",10c19db3-2114-4c3f-a98c-842b5fb10f2b
24-02-2025,09:04,24-02-2025,VANGUARD S&P 500 UCITS ETF USD,VUSA.DE,IE00B3XXRP09,Transactiebelasting België,,EUR,"-0,52",EUR,"633,49",36a90629-2f47-45a2-9cc5-56a75125db5e
24-02-2025,09:04,24-02-2025,VANGUARD S&P 500 UCITS ETF USD,VUSA.DE,IE00B3XXRP09,DEGIRO Transactiekosten en/of kosten van derden,,EUR,"-1,00",EUR,"634,01",36a90629-2f47-45a2-9cc5-56a75125db5e
24-02-2025,09:04,24-02-2025,VANGUARD S&P 500 UCITS ETF USD,VUSA.DE,IE00B3XXRP09,"Verkoop 4 @ 109,28 EUR",,EUR,"437,12",EUR,"635,01",36a90629-2f47-45a2-9cc5-56a75125db5e
24-02-2025,09:04,24-02-2025,VANECK SEMICONDUCTOR UCITS ETF,VVSM.DE,IE00BMC38736,Transactiebelasting België,,EUR,"-0,20",EUR,"197,89",580c68da-94d8-4f3d-aa95-35371ac4ebd0
24-02-2025,09:04,24-02-2025,VANECK SEMICONDUCTOR UCITS ETF,VVSM.DE,IE00BMC38736,DEGIRO Transactiekosten en/of kosten van derden,,EUR,"-3,00",EUR,"198,09",580c68da-94d8-4f3d-aa95-35371ac4ebd0
24-02-2025,09:04,24-02-2025,VANECK SEMICONDUCTOR UCITS ETF,VVSM.DE,IE00BMC38736,"Verkoop 4 @ 40,665 EUR",,EUR,"162,66",EUR,"201,09",580c68da-94d8-4f3d-aa95-35371ac4ebd0
22-02-2025,02:10,21-02-2025,,,,Degiro Cash Sweep Transfer,,EUR,"321,21",EUR,"38,43",
22-02-2025,02:10,21-02-2025,,,,"Overboeking van uw geldrekening bij flatexDEGIRO Bank AG: 321,21 EUR",,,,EUR,"-282,78",
21-02-2025,15:46,21-02-2025,HIMS & HERS HEALTH INC,82W.BE,US4330001060,Transactiebelasting België,,EUR,"-1,11",EUR,"38,43",27438ad3-62fb-4bf5-af0c-ba5a87e587fe
21-02-2025,15:46,21-02-2025,HIMS & HERS HEALTH INC,82W.BE,US4330001060,DEGIRO Transactiekosten en/of kosten van derden,,EUR,"-3,90",EUR,"39,54",27438ad3-62fb-4bf5-af0c-ba5a87e587fe
21-02-2025,15:46,21-02-2025,HIMS & HERS HEALTH INC,82W.BE,US4330001060,"Koop 6 @ 52,7 EUR",,EUR,"-316,20",EUR,"43,44",27438ad3-62fb-4bf5-af0c-ba5a87e587fe
20-02-2025,02:02,19-02-2025,,,,"Overboeking van uw geldrekening bij flatexDEGIRO Bank AG: 667,46 EUR",,,,EUR,"359,64",
20-02-2025,02:02,19-02-2025,,,,Degiro Cash Sweep Transfer,,EUR,"667,46",EUR,"1027,10",
19-02-2025,15:34,19-02-2025,ADVANCED MICRO DEVICES INC,AMD,US0079031078,Transactiebelasting België,,EUR,"-0,76",EUR,"359,64",afcc1ee7-1df2-4ac0-a828-6f1d97654f41
19-02-2025,15:34,19-02-2025,ADVANCED MICRO DEVICES INC,AMD,US0079031078,DEGIRO Transactiekosten en/of kosten van derden,,EUR,"-3,90",EUR,"360,40",afcc1ee7-1df2-4ac0-a828-6f1d97654f41
19-02-2025,15:34,19-02-2025,ADVANCED MICRO DEVICES INC,AMD,US0079031078,"Koop 2 @ 108,96 EUR",,EUR,"-217,92",EUR,"364,30",afcc1ee7-1df2-4ac0-a828-6f1d97654f41
19-02-2025,15:27,19-02-2025,ADVANCED MICRO DEVICES INC,AMD,US0079031078,Transactiebelasting België,,EUR,"-1,54",EUR,"582,22",24d14607-61e9-498a-9dc6-5e3c42b0926f
19-02-2025,15:27,19-02-2025,ADVANCED MICRO DEVICES INC,AMD,US0079031078,DEGIRO Transactiekosten en/of kosten van derden,,EUR,"-3,90",EUR,"583,76",24d14607-61e9-498a-9dc6-5e3c42b0926f
19-02-2025,15:27,19-02-2025,ADVANCED MICRO DEVICES INC,AMD,US0079031078,"Koop 4 @ 109,86 EUR",,EUR,"-439,44",EUR,"587,66",24d14607-61e9-498a-9dc6-5e3c42b0926f
18-02-2025,17:32,18-02-2025,,,,"Overboeking van uw geldrekening bij flatexDEGIRO Bank AG: 233,1 EUR",,,,EUR,"1027,10",
18-02-2025,17:32,18-02-2025,,,,Degiro Cash Sweep Transfer,,EUR,"233,10",EUR,"1260,20",
18-02-2025,13:16,18-02-2025,HIMS & HERS HEALTH INC,82W.BE,US4330001060,Transactiebelasting België,,EUR,"-0,80",EUR,"1027,10",f0bda44b-fc31-433d-bd2b-188a48a84c16
18-02-2025,13:16,18-02-2025,HIMS & HERS HEALTH INC,82W.BE,US4330001060,DEGIRO Transactiekosten en/of kosten van derden,,EUR,"-3,90",EUR,"1027,90",f0bda44b-fc31-433d-bd2b-188a48a84c16
18-02-2025,13:16,18-02-2025,HIMS & HERS HEALTH INC,82W.BE,US4330001060,"Koop 4 @ 57,1 EUR",,EUR,"-228,40",EUR,"1031,80",f0bda44b-fc31-433d-bd2b-188a48a84c16
15-02-2025,20:13,15-02-2025,,,,flatex Deposit,,EUR,"1000,00",EUR,"1260,20",
13-02-2025,02:23,12-02-2025,,,,"Overboeking van uw geldrekening bij flatexDEGIRO Bank AG: 332,37 EUR",,,,EUR,"260,20",
13-02-2025,02:23,12-02-2025,,,,Degiro Cash Sweep Transfer,,EUR,"332,37",EUR,"592,57",
12-02-2025,17:17,12-02-2025,STRATA CRITICAL MEDICAL INC,SRTA,US0926671043,Valuta Creditering,"1,0327",USD,"339,99",USD,"0,00",2ebfcc58-9201-46f0-acd3-7564f4c0d70d
12-02-2025,17:17,12-02-2025,STRATA CRITICAL MEDICAL INC,SRTA,US0926671043,Valuta Debitering,,EUR,"-329,22",EUR,"260,20",2ebfcc58-9201-46f0-acd3-7564f4c0d70d
12-02-2025,17:17,12-02-2025,STRATA CRITICAL MEDICAL INC,SRTA,US0926671043,Transactiebelasting België,,EUR,"-1,15",EUR,"589,42",2ebfcc58-9201-46f0-acd3-7564f4c0d70d
12-02-2025,17:17,12-02-2025,STRATA CRITICAL MEDICAL INC,SRTA,US0926671043,DEGIRO Transactiekosten en/of kosten van derden,,EUR,"-2,00",EUR,"590,57",2ebfcc58-9201-46f0-acd3-7564f4c0d70d
12-02-2025,17:17,12-02-2025,STRATA CRITICAL MEDICAL INC,SRTA,US0926671043,"Koop 100 @ 3,3999 USD",,USD,"-339,99",USD,"-339,99",2ebfcc58-9201-46f0-acd3-7564f4c0d70d
12-02-2025,01:52,11-02-2025,,,,"Overboeking van uw geldrekening bij flatexDEGIRO Bank AG: 428,38 EUR",,,,EUR,"592,57",
12-02-2025,01:52,11-02-2025,,,,Degiro Cash Sweep Transfer,,EUR,"428,38",EUR,"1020,95",
11-02-2025,17:02,11-02-2025,HIMS & HERS HEALTH INC,82W.BE,US4330001060,Transactiebelasting België,,EUR,"-1,48",EUR,"592,57",734f02be-c380-4c01-8036-2475607b2b8d
11-02-2025,17:02,11-02-2025,HIMS & HERS HEALTH INC,82W.BE,US4330001060,DEGIRO Transactiekosten en/of kosten van derden,,EUR,"-3,90",EUR,"594,05",734f02be-c380-4c01-8036-2475607b2b8d
11-02-2025,17:02,11-02-2025,HIMS & HERS HEALTH INC,82W.BE,US4330001060,"Koop 10 @ 42,3 EUR",,EUR,"-423,00",EUR,"597,95",734f02be-c380-4c01-8036-2475607b2b8d
10-02-2025,10:07,10-02-2025,,,,flatex Deposit,,EUR,"1000,00",EUR,"1020,95",
07-02-2025,21:05,06-02-2025,,,,"Overboeking van uw geldrekening bij flatexDEGIRO Bank AG: 2,5 EUR",,,,EUR,"20,95",
07-02-2025,21:05,06-02-2025,,,,Degiro Cash Sweep Transfer,,EUR,"2,50",EUR,"23,45",
06-02-2025,17:12,31-01-2025,,,,DEGIRO Aansluitingskosten 2025 (Xetra - XET),,EUR,"-2,50",EUR,"20,95",
16-01-2025,18:15,16-01-2025,,,,"Overboeking van uw geldrekening bij flatexDEGIRO Bank AG: 1.276,55 EUR",,,,EUR,"23,45",
16-01-2025,18:15,16-01-2025,FLATEX EURO BANKACCOUNT,,NLFLATEXACNT,Degiro Cash Sweep Transfer,,EUR,"1276,55",EUR,"1300,00",
16-01-2025,10:03,16-01-2025,VANECK SEMICONDUCTOR UCITS ETF,VVSM.DE,IE00BMC38736,Transactiebelasting België,,EUR,"-0,20",EUR,"23,45",f64aefac-5c4d-4ff0-b874-27c548469f97
16-01-2025,10:03,16-01-2025,VANECK SEMICONDUCTOR UCITS ETF,VVSM.DE,IE00BMC38736,DEGIRO Transactiekosten en/of kosten van derden,,EUR,"-3,00",EUR,"23,65",f64aefac-5c4d-4ff0-b874-27c548469f97
16-01-2025,10:03,16-01-2025,VANECK SEMICONDUCTOR UCITS ETF,VVSM.DE,IE00BMC38736,"Koop 4 @ 42,5 EUR",,EUR,"-170,00",EUR,"26,65",f64aefac-5c4d-4ff0-b874-
,,,,,,,,,,,,27c548469f97
16-01-2025,09:04,16-01-2025,VANGUARD S&P 500 UCITS ETF USD,VUSA.DE,IE00B3XXRP09,Transactiebelasting België,,EUR,"-1,32",EUR,"196,65",e4fc3b9a-08cf-4313-a076-2a2d9e714148
16-01-2025,09:04,16-01-2025,VANGUARD S&P 500 UCITS ETF USD,VUSA.DE,IE00B3XXRP09,DEGIRO Transactiekosten en/of kosten van derden,,EUR,"-1,00",EUR,"197,97",e4fc3b9a-08cf-4313-a076-2a2d9e714148
16-01-2025,09:04,16-01-2025,VANGUARD S&P 500 UCITS ETF USD,VUSA.DE,IE00B3XXRP09,"Koop 10 @ 110,003 EUR",,EUR,"-1100,03",EUR,"198,97",e4fc3b9a-08cf-4313-a076-2a2d9e714148
16-01-2025,05:10,15-01-2025,,,,Sofort Deposit,,EUR,"1300,00",EUR,"1299,00",
16-01-2025,05:10,15-01-2025,,,,Reservation iDEAL / Sofort Deposit,,EUR,"-1300,00",EUR,"-1,00",
15-01-2025,08:56,15-01-2025,,,,Trustly/Sofort Storting Kosten,,EUR,"-1,00",EUR,"1299,00",
15-01-2025,08:56,15-01-2025,,,,Reservation iDEAL / Sofort Deposit,,EUR,"1300,00",EUR,"1300,00",
06-01-2025,03:00,02-01-2025,,,,Flatex Interest Income,,EUR,"0,00",EUR,"0,00",
